
@misc{andreessenWhyBitcoinMatters1390323270,
  title = {Why {{Bitcoin Matters}}},
  author = {Andreessen, Marc},
  year = {1390323270},
  abstract = {Bitcoin is the first practical solution to a longstanding problem in computer science, Marc Andreessen writes in Another View.},
  file = {C\:\\Users\\Abdelhak\\Zotero\\storage\\D6DQI8LJ\\why-bitcoin-matters.html},
  howpublished = {https://dealbook.nytimes.com/2014/01/21/why-bitcoin-matters/},
  journal = {DealBook},
  language = {en}
}

@misc{ArticleLO274Code,
  title = {Article {{LO274}} - {{Code}} {\'E}lectoral - {{L{\'e}gifrance}}},
  howpublished = {https://www.legifrance.gouv.fr/codes/article\_lc/LEGIARTI000006353645}
}

@misc{CostBuildHospital,
  title = {Cost to {{Build}} a {{Hospital}} | {{Hospital Construction Cost}}},
  howpublished = {https://www.fixr.com/costs/build-hospital}
}

@misc{CybersecurityExpertWarns,
  title = {Cybersecurity {{Expert Warns}} of {{Increasing Vulnerabilities}} in {{Devices}} | {{Observer}}},
  howpublished = {https://observer.com/2019/09/cybersecurity-expert-asaf-ashkenazi-device-vulnerability-hacking/}
}

@misc{EstimatedCost43rd,
  title = {Estimated {{Cost}} of the 43rd {{General Election}} \textendash{} {{Elections Canada}}},
  howpublished = {https://www.elections.ca/content.aspx?section=res\&dir=rep/off/cou\&document=index43\&lang=e}
}

@misc{FrameworkDocForgeProgramming,
  title = {Framework - {{DocForge Programming Wiki}}},
  howpublished = {https://web.archive.org/web/20100327162513/http://docforge.com/wiki/Framework}
}

@misc{HistoryElections,
  title = {History {{Of Elections}}},
  file = {C\:\\Users\\Abdelhak\\Zotero\\storage\\UNBY8FF8\\History-Of-Elections.html},
  howpublished = {https://www.duvalelections.com/General-Information/Learn-About-Elections/History-Of-Elections}
}

@misc{MakeNtierArchitecture,
  title = {Make an {{N}}-Tier Architecture {{And}} Give {{Stylish}} Effect with {{Ajax}} \& {{Javascript}}: {{Benefits}} of Using the n-Tiered Approach for Web Applications},
  howpublished = {http://krunal-ajax-javascript.blogspot.com/2008/09/benefits-of-using-n-tiered-approach-for.html}
}

@misc{TakenobuhsEthereumevmillustratedEthereum,
  title = {Takenobu-Hs/Ethereum-Evm-Illustrated: {{Ethereum EVM}} Illustrated},
  howpublished = {https://github.com/takenobu-hs/ethereum-evm-illustrated}
}

@misc{TopTipsSecure,
  title = {Top {{Tips}} for {{Secure App Development}} | {{Dell}}},
  howpublished = {https://web.archive.org/web/20120522022522/http://content.dell.com/us/en/enterprise/d/large-business/secure-app-development.aspx}
}


